<?xml version="1.0" encoding="UTF-8"?><record xmlns="http://www.loc.gov/MARC21/slim" xmlns:cinclude="http://apache.org/cocoon/include/1.0" xmlns:zs="http://www.loc.gov/zing/srw/">
  <leader>00380nz  a2200121n  4500</leader>
  <controlfield tag="001">n  92007588 </controlfield>
  <controlfield tag="003">DLC</controlfield>
  <controlfield tag="005">19920124081032.9</controlfield>
  <controlfield tag="008">920124n| acannaab|          |n aaa |||  </controlfield>
  <datafield tag="010" ind1=" " ind2=" ">
    <subfield code="a">n  92007588 </subfield>
  </datafield>
  <datafield tag="040" ind1=" " ind2=" ">
    <subfield code="a">DLC</subfield>
    <subfield code="c">DLC</subfield>
  </datafield>
  <datafield tag="100" ind1="1" ind2="0">
    <subfield code="a">Niemeyer, Markus,</subfield>
    <subfield code="d">1958-</subfield>
  </datafield>
  <datafield tag="670" ind1=" " ind2=" ">
    <subfield code="a">His Bilanzierung und Ausweis von OptionsgeschaĚften ... c1990:</subfield>
    <subfield code="b">t.p. (Markus Niemeyer) p. 4 of cover (b. 1958 in Bonn)</subfield>
  </datafield>
</record>